[gd_scene load_steps=18 format=3 uid="uid://462vy20q26yl"]

[ext_resource type="Script" path="res://scripts/click_to_summon.gd" id="1_efl52"]
[ext_resource type="PackedScene" uid="uid://dv0btcu15k1qy" path="res://prefabs/Ground.tscn" id="1_ov5er"]
[ext_resource type="PackedScene" uid="uid://sscxyys1wlpl" path="res://prefabs/basic_wall.tscn" id="2_kemqn"]
[ext_resource type="PackedScene" uid="uid://q4g4b75hotan" path="res://prefabs/demon.tscn" id="2_mnsj1"]
[ext_resource type="PackedScene" uid="uid://fnhfx3q4xcoy" path="res://prefabs/single_door.tscn" id="3_2cbxu"]
[ext_resource type="PackedScene" uid="uid://y7v7c0vo16ld" path="res://prefabs/basic_wall_windowed.tscn" id="3_8kf0x"]
[ext_resource type="PackedScene" uid="uid://bmkvvejpxe8ix" path="res://prefabs/double_doors.tscn" id="3_l21ha"]
[ext_resource type="PackedScene" uid="uid://d3lerh3ca2y4w" path="res://prefabs/human.tscn" id="3_sdp1t"]
[ext_resource type="PackedScene" uid="uid://ckw0yj0c316tq" path="res://prefabs/pixel_camera.tscn" id="5_3qohw"]
[ext_resource type="PackedScene" uid="uid://b2x42acxd8e0f" path="res://prefabs/basic_wall_destroyable.tscn" id="5_r4t6j"]
[ext_resource type="PackedScene" uid="uid://6c7igsdle8eq" path="res://prefabs/desknchair.tscn" id="6_tda57"]
[ext_resource type="PackedScene" uid="uid://eqkrxinbdnfl" path="res://prefabs/vase2.tscn" id="7_2rd68"]
[ext_resource type="PackedScene" uid="uid://dm0gxecifv7f1" path="res://prefabs/vase3.tscn" id="8_nunhp"]
[ext_resource type="PackedScene" uid="uid://dw4u41eybx6gf" path="res://prefabs/vase1.tscn" id="9_vx16n"]
[ext_resource type="PackedScene" uid="uid://cuw8352u3gj0u" path="res://prefabs/toilet.tscn" id="12_2vi86"]
[ext_resource type="PackedScene" uid="uid://b5cowyywtry8p" path="res://prefabs/chair.tscn" id="13_cuy1n"]

[sub_resource type="NavigationMesh" id="NavigationMesh_ye32b"]
vertices = PackedVector3Array(-6.65381, 0.25675, -0.289339, -3.65381, 0.25675, -0.0893393, -2.45381, 0.25675, -0.0893393, 1.74619, 0.25675, -5.08934, 1.74619, 0.25675, -6.68934, -6.65381, 0.25675, -6.68934, 2.34619, 0.25675, -5.08934, 2.34619, 0.25675, -4.28934, 6.74619, 0.25675, -4.28934, 6.74619, 0.25675, -6.68934, 2.34619, 0.25675, -6.68934, 2.34619, 0.25675, -5.88934, 2.34619, 0.25675, -5.08934, 6.74619, 0.25675, -4.28934, 6.74619, 0.25675, -6.68934, 2.34619, 0.25675, -5.88934, 1.94619, 0.25675, -5.68934, -2.45381, 0.25675, -0.0893393, 1.74619, 0.25675, -0.289339, 1.74619, 0.25675, -5.08934, 1.74619, 0.25675, -5.08934, 1.94619, 0.25675, -5.68934, 1.74619, 0.25675, -6.68934, 1.74619, 0.25675, -5.08934, 2.34619, 0.25675, -5.08934, 1.94619, 0.25675, -5.68934, 4.34619, 0.25675, 6.71066, 4.74619, 0.25675, 6.71066, 4.54619, 0.25675, 4.91066, 4.34619, 0.25675, 4.91066, 4.34619, 0.25675, 2.91066, 4.74619, 0.25675, 3.31066, 4.54619, 0.25675, 2.91066, 3.74619, 0.25675, 4.71066, 4.34619, 0.25675, 4.91066, 4.54619, 0.25675, 4.91066, 3.74619, 0.25675, 4.71066, 4.54619, 0.25675, 4.91066, 5.34619, 0.25675, 4.91066, 4.74619, 0.25675, 3.31066, 4.34619, 0.25675, 2.91066, 4.14619, 0.25675, 3.31066, 5.34619, 0.25675, 6.71066, 5.74619, 0.25675, 6.71066, 5.54619, 0.25675, 4.91066, 5.34619, 0.25675, 4.91066, 6.74619, 0.25675, 2.71066, 6.74619, 0.25675, 0.310661, 4.74619, 0.25675, 0.310661, 4.54619, 0.25675, 2.91066, 5.34619, 0.25675, 4.91066, 5.54619, 0.25675, 4.91066, 6.14619, 0.25675, 4.71066, 6.74619, 0.25675, 3.31066, 4.74619, 0.25675, 3.31066, 3.34619, 0.25675, 4.91066, 3.34619, 0.25675, 6.71066, 3.74619, 0.25675, 6.71066, 3.74619, 0.25675, 4.71066, 2.14619, 0.25675, 2.71066, 4.34619, 0.25675, 2.91066, 4.54619, 0.25675, 2.91066, 4.34619, 0.25675, 0.110661, 2.14619, 0.25675, 0.310661, 2.74619, 0.25675, 4.71066, 3.34619, 0.25675, 4.91066, 3.74619, 0.25675, 4.71066, 4.14619, 0.25675, 3.31066, 2.34619, 0.25675, 3.31066, 2.34619, 0.25675, 6.71066, 2.74619, 0.25675, 6.71066, 2.74619, 0.25675, 4.71066, 2.34619, 0.25675, 3.31066, 4.14619, 0.25675, -0.289339, 4.34619, 0.25675, 0.110661, 4.54619, 0.25675, -0.0893393, 6.74619, 0.25675, -0.289339, 6.74619, 0.25675, -3.68934, 2.34619, 0.25675, -3.68934, 4.14619, 0.25675, -0.289339, 4.54619, 0.25675, -0.0893393, 4.54619, 0.25675, 2.91066, 4.74619, 0.25675, 0.310661, 4.54619, 0.25675, -0.0893393, 4.34619, 0.25675, 0.110661, 2.34619, 0.25675, -3.68934, 2.34619, 0.25675, -0.289339, 4.14619, 0.25675, -0.289339, 6.14619, 0.25675, 4.71066, 6.34619, 0.25675, 6.71066, 6.74619, 0.25675, 6.71066, 6.74619, 0.25675, 3.31066, -2.25381, 0.25675, 0.310661, -2.45381, 0.25675, -0.0893393, -3.65381, 0.25675, -0.0893393, -2.25381, 0.25675, 0.310661, -3.65381, 0.25675, -0.0893393, -3.85381, 0.25675, 0.310661, 1.74619, 0.25675, 2.91066, 1.74619, 0.25675, 2.91066, 2.14619, 0.25675, 2.71066, 2.14619, 0.25675, 0.310661, -2.25381, 0.25675, 0.310661, -3.85381, 0.25675, 0.310661, -6.65381, 0.25675, 0.310661, -6.65381, 0.25675, 6.71066, 1.74619, 0.25675, 6.71066, 1.74619, 0.25675, 2.91066)
polygons = [PackedInt32Array(1, 0, 2), PackedInt32Array(2, 0, 5), PackedInt32Array(2, 5, 3), PackedInt32Array(3, 5, 4), PackedInt32Array(8, 7, 6), PackedInt32Array(11, 10, 9), PackedInt32Array(16, 15, 12), PackedInt32Array(12, 15, 14), PackedInt32Array(12, 14, 13), PackedInt32Array(19, 18, 17), PackedInt32Array(22, 21, 20), PackedInt32Array(25, 24, 23), PackedInt32Array(29, 28, 26), PackedInt32Array(26, 28, 27), PackedInt32Array(32, 31, 30), PackedInt32Array(35, 34, 33), PackedInt32Array(40, 39, 41), PackedInt32Array(41, 39, 36), PackedInt32Array(36, 39, 37), PackedInt32Array(37, 39, 38), PackedInt32Array(45, 44, 42), PackedInt32Array(42, 44, 43), PackedInt32Array(47, 46, 48), PackedInt32Array(48, 46, 49), PackedInt32Array(51, 50, 52), PackedInt32Array(52, 50, 53), PackedInt32Array(53, 50, 54), PackedInt32Array(56, 55, 57), PackedInt32Array(57, 55, 58), PackedInt32Array(60, 59, 61), PackedInt32Array(61, 59, 63), PackedInt32Array(61, 63, 62), PackedInt32Array(65, 64, 66), PackedInt32Array(66, 64, 68), PackedInt32Array(66, 68, 67), PackedInt32Array(70, 69, 71), PackedInt32Array(71, 69, 72), PackedInt32Array(75, 74, 73), PackedInt32Array(80, 79, 76), PackedInt32Array(76, 79, 77), PackedInt32Array(77, 79, 78), PackedInt32Array(83, 82, 84), PackedInt32Array(84, 82, 81), PackedInt32Array(87, 86, 85), PackedInt32Array(89, 88, 90), PackedInt32Array(90, 88, 91), PackedInt32Array(92, 94, 93), PackedInt32Array(96, 95, 97), PackedInt32Array(97, 95, 98), PackedInt32Array(100, 99, 101), PackedInt32Array(101, 99, 102), PackedInt32Array(104, 103, 105), PackedInt32Array(105, 103, 107), PackedInt32Array(105, 107, 106)]
geometry_parsed_geometry_type = 1
geometry_collision_mask = 1
cell_size = 0.2
cell_height = 0.2
agent_height = 1.0
agent_radius = 0.2
agent_max_climb = 0.2
region_min_size = 1.0
detail_sample_distance = 4.0

[node name="BasicLevel" type="Node3D"]

[node name="ClicktoSummon" type="Node" parent="." node_paths=PackedStringArray("camera", "demon_parent") groups=["tool_bar"]]
script = ExtResource("1_efl52")
camera = NodePath("../Camera/Camera3D")
demon_parent = NodePath("../Characters")
demon_prefab = ExtResource("2_mnsj1")

[node name="Characters" type="Node" parent="."]

[node name="Citizen" parent="Characters" instance=ExtResource("3_sdp1t")]
transform = Transform3D(1, 0, 0, 0, 1, 0, 0, 0, 1, -2.7771, 0, -2.104)

[node name="Citizen2" parent="Characters" instance=ExtResource("3_sdp1t")]
transform = Transform3D(1, 0, 0, 0, 1, 0, 0, 0, 1, -2.7771, 0, 3.896)

[node name="Citizen3" parent="Characters" instance=ExtResource("3_sdp1t")]
transform = Transform3D(1, 0, 0, 0, 1, 0, 0, 0, 1, -3.7771, 0, -4.104)

[node name="Citizen4" parent="Characters" instance=ExtResource("3_sdp1t")]
transform = Transform3D(1, 0, 0, 0, 1, 0, 0, 0, 1, -2.77712, 0, 1.896)

[node name="Citizen5" parent="Characters" instance=ExtResource("3_sdp1t")]
transform = Transform3D(1, 0, 0, 0, 1, 0, 0, 0, 1, -0.777117, 0, 0.845242)

[node name="Citizen6" parent="Characters" instance=ExtResource("3_sdp1t")]
transform = Transform3D(1, 0, 0, 0, 1, 0, 0, 0, 1, -0.77712, 0, -2.104)

[node name="Citizen7" parent="Characters" instance=ExtResource("3_sdp1t")]
transform = Transform3D(1, 0, 0, 0, 1, 0, 0, 0, 1, -4.77712, 0, 2.896)

[node name="Citizen8" parent="Characters" instance=ExtResource("3_sdp1t")]
transform = Transform3D(1, 0, 0, 0, 1, 0, 0, 0, 1, 1.2229, 0, 1.896)

[node name="Citizen9" parent="Characters" instance=ExtResource("3_sdp1t")]
transform = Transform3D(1, 0, 0, 0, 1, 0, 0, 0, 1, -0.7771, 0, 4.896)

[node name="Citizen10" parent="Characters" instance=ExtResource("3_sdp1t")]
transform = Transform3D(1, 0, 0, 0, 1, 0, 0, 0, 1, 5.2229, 0, -2.104)

[node name="Citizen11" parent="Characters" instance=ExtResource("3_sdp1t")]
transform = Transform3D(1, 0, 0, 0, 1, 0, 0, 0, 1, 1.22288, 0, -5.104)

[node name="Citizen12" parent="Characters" instance=ExtResource("3_sdp1t")]
transform = Transform3D(1, 0, 0, 0, 1, 0, 0, 0, 1, 4.2229, 0, 4.896)

[node name="Citizen13" parent="Characters" instance=ExtResource("3_sdp1t")]
transform = Transform3D(1, 0, 0, 0, 1, 0, 0, 0, 1, -6.1739, 0, -1.104)

[node name="Camera" parent="." instance=ExtResource("5_3qohw")]
transform = Transform3D(-4.37114e-08, -0.965926, 0.258819, 0, 0.258819, 0.965926, -1, 4.2222e-08, -1.13133e-08, 3, 11.744, 0)

[node name="Level" type="Node3D" parent="."]

[node name="NavRegion" type="NavigationRegion3D" parent="Level"]
navigation_mesh = SubResource("NavigationMesh_ye32b")
use_edge_connections = false

[node name="Walls" type="Node3D" parent="Level/NavRegion"]

[node name="Node3D" type="Node3D" parent="Level/NavRegion/Walls"]

[node name="StaticBody3D" parent="Level/NavRegion/Walls/Node3D" instance=ExtResource("2_kemqn")]
transform = Transform3D(1, 0, 0, 0, 1, 0, 0, 0, 1, 6.5, 0, 7)

[node name="StaticBody3D3" parent="Level/NavRegion/Walls/Node3D" instance=ExtResource("2_kemqn")]
transform = Transform3D(1, 0, 0, 0, 1, 0, 0, 0, 1, 4.5, 0, 7)

[node name="StaticBody3D4" parent="Level/NavRegion/Walls/Node3D" instance=ExtResource("2_kemqn")]
transform = Transform3D(1, 0, 0, 0, 1, 0, 0, 0, 1, 3.5, 0, 7)

[node name="StaticBody3D5" parent="Level/NavRegion/Walls/Node3D" instance=ExtResource("2_kemqn")]
transform = Transform3D(1, 0, 0, 0, 1, 0, 0, 0, 1, 2.5, 0, 7)

[node name="StaticBody3D6" parent="Level/NavRegion/Walls/Node3D" instance=ExtResource("2_kemqn")]
transform = Transform3D(1, 0, 0, 0, 1, 0, 0, 0, 1, 1.5, 0, 7)

[node name="StaticBody3D7" parent="Level/NavRegion/Walls/Node3D" instance=ExtResource("2_kemqn")]
transform = Transform3D(1, 0, 0, 0, 1, 0, 0, 0, 1, 0.5, 0, 7)

[node name="StaticBody3D8" parent="Level/NavRegion/Walls/Node3D" instance=ExtResource("2_kemqn")]
transform = Transform3D(1, 0, 0, 0, 1, 0, 0, 0, 1, -0.5, 0, 7)

[node name="StaticBody3D10" parent="Level/NavRegion/Walls/Node3D" instance=ExtResource("2_kemqn")]
transform = Transform3D(1, 0, 0, 0, 1, 0, 0, 0, 1, -2.5, 0, 7)

[node name="StaticBody3D11" parent="Level/NavRegion/Walls/Node3D" instance=ExtResource("2_kemqn")]
transform = Transform3D(1, 0, 0, 0, 1, 0, 0, 0, 1, -3.5, 0, 7)

[node name="StaticBody3D12" parent="Level/NavRegion/Walls/Node3D" instance=ExtResource("2_kemqn")]
transform = Transform3D(1, 0, 0, 0, 1, 0, 0, 0, 1, -4.5, 0, 7)

[node name="StaticBody3D14" parent="Level/NavRegion/Walls/Node3D" instance=ExtResource("2_kemqn")]
transform = Transform3D(1, 0, 0, 0, 1, 0, 0, 0, 1, -6.5, 0, 7)

[node name="Node3D2" type="Node3D" parent="Level/NavRegion/Walls"]
transform = Transform3D(-1, 0, -8.74228e-08, 0, 1, 0, 8.74228e-08, 0, -1, 0, 0, 0)

[node name="StaticBody3D" parent="Level/NavRegion/Walls/Node3D2" instance=ExtResource("2_kemqn")]
transform = Transform3D(1, 0, 0, 0, 1, 0, 0, 0, 1, 6.5, 0, 7)

[node name="StaticBody3D2" parent="Level/NavRegion/Walls/Node3D2" instance=ExtResource("2_kemqn")]
transform = Transform3D(1, 0, 0, 0, 1, 0, 0, 0, 1, 5.5, 0, 7)

[node name="StaticBody3D3" parent="Level/NavRegion/Walls/Node3D2" instance=ExtResource("2_kemqn")]
transform = Transform3D(1, 0, 0, 0, 1, 0, 0, 0, 1, 4.5, 0, 7)

[node name="StaticBody3D4" parent="Level/NavRegion/Walls/Node3D2" instance=ExtResource("2_kemqn")]
transform = Transform3D(1, 0, 0, 0, 1, 0, 0, 0, 1, 3.5, 0, 7)

[node name="StaticBody3D5" parent="Level/NavRegion/Walls/Node3D2" instance=ExtResource("2_kemqn")]
transform = Transform3D(1, 0, 0, 0, 1, 0, 0, 0, 1, 2.5, 0, 7)

[node name="StaticBody3D6" parent="Level/NavRegion/Walls/Node3D2" instance=ExtResource("2_kemqn")]
transform = Transform3D(1, 0, 0, 0, 1, 0, 0, 0, 1, 1.5, 0, 7)

[node name="StaticBody3D9" parent="Level/NavRegion/Walls/Node3D2" instance=ExtResource("2_kemqn")]
transform = Transform3D(1, 0, 0, 0, 1, 0, 0, 0, 1, -1.5, 0, 7)

[node name="StaticBody3D10" parent="Level/NavRegion/Walls/Node3D2" instance=ExtResource("2_kemqn")]
transform = Transform3D(1, 0, 0, 0, 1, 0, 0, 0, 1, -2.5, 0, 7)

[node name="StaticBody3D11" parent="Level/NavRegion/Walls/Node3D2" instance=ExtResource("2_kemqn")]
transform = Transform3D(1, 0, 0, 0, 1, 0, 0, 0, 1, -3.5, 0, 7)

[node name="StaticBody3D13" parent="Level/NavRegion/Walls/Node3D2" instance=ExtResource("2_kemqn")]
transform = Transform3D(1, 0, 0, 0, 1, 0, 0, 0, 1, -5.5, 0, 7)

[node name="StaticBody3D14" parent="Level/NavRegion/Walls/Node3D2" instance=ExtResource("2_kemqn")]
transform = Transform3D(1, 0, 0, 0, 1, 0, 0, 0, 1, -6.5, 0, 7)

[node name="Node3D3" type="Node3D" parent="Level/NavRegion/Walls"]
transform = Transform3D(-4.37114e-08, 0, 1, 0, 1, 0, -1, 0, -4.37114e-08, 0, 0, 0)

[node name="StaticBody3D" parent="Level/NavRegion/Walls/Node3D3" instance=ExtResource("2_kemqn")]
transform = Transform3D(1, 0, 0, 0, 1, 0, 0, 0, 1, 6.5, 0, 7)

[node name="StaticBody3D2" parent="Level/NavRegion/Walls/Node3D3" instance=ExtResource("2_kemqn")]
transform = Transform3D(1, 0, 0, 0, 1, 0, 0, 0, 1, 5.5, 0, 7)

[node name="StaticBody3D3" parent="Level/NavRegion/Walls/Node3D3" instance=ExtResource("2_kemqn")]
transform = Transform3D(1, 0, 0, 0, 1, 0, 0, 0, 1, 4.5, 0, 7)

[node name="StaticBody3D4" parent="Level/NavRegion/Walls/Node3D3" instance=ExtResource("2_kemqn")]
transform = Transform3D(1, 0, 0, 0, 1, 0, 0, 0, 1, 3.5, 0, 7)

[node name="StaticBody3D5" parent="Level/NavRegion/Walls/Node3D3" instance=ExtResource("2_kemqn")]
transform = Transform3D(1, 0, 0, 0, 1, 0, 0, 0, 1, 2.5, 0, 7)

[node name="StaticBody3D7" parent="Level/NavRegion/Walls/Node3D3" instance=ExtResource("2_kemqn")]
transform = Transform3D(1, 0, 0, 0, 1, 0, 0, 0, 1, 0.5, 0, 7)

[node name="StaticBody3D8" parent="Level/NavRegion/Walls/Node3D3" instance=ExtResource("2_kemqn")]
transform = Transform3D(1, 0, 0, 0, 1, 0, 0, 0, 1, -0.5, 0, 7)

[node name="StaticBody3D9" parent="Level/NavRegion/Walls/Node3D3" instance=ExtResource("2_kemqn")]
transform = Transform3D(1, 0, 0, 0, 1, 0, 0, 0, 1, -1.5, 0, 7)

[node name="StaticBody3D10" parent="Level/NavRegion/Walls/Node3D3" instance=ExtResource("2_kemqn")]
transform = Transform3D(1, 0, 0, 0, 1, 0, 0, 0, 1, -2.5, 0, 7)

[node name="StaticBody3D11" parent="Level/NavRegion/Walls/Node3D3" instance=ExtResource("2_kemqn")]
transform = Transform3D(1, 0, 0, 0, 1, 0, 0, 0, 1, -3.5, 0, 7)

[node name="StaticBody3D12" parent="Level/NavRegion/Walls/Node3D3" instance=ExtResource("2_kemqn")]
transform = Transform3D(-4.37114e-08, 0, -1, 0, 1, 0, 1, 0, -4.37114e-08, -7, 0, 5.5)

[node name="StaticBody3D13" parent="Level/NavRegion/Walls/Node3D3" instance=ExtResource("2_kemqn")]
transform = Transform3D(1, 0, 0, 0, 1, 0, 0, 0, 1, -5.5, 0, 7)

[node name="StaticBody3D14" parent="Level/NavRegion/Walls/Node3D3" instance=ExtResource("2_kemqn")]
transform = Transform3D(1, 0, 0, 0, 1, 0, 0, 0, 1, -6.5, 0, 7)

[node name="StaticBody3D16" parent="Level/NavRegion/Walls/Node3D3" instance=ExtResource("3_8kf0x")]
transform = Transform3D(3.0598e-07, 0, 1, 0, 1, 0, -1, 0, 3.0598e-07, 7, 0, -0.5)

[node name="StaticBody3D15" parent="Level/NavRegion/Walls/Node3D3" instance=ExtResource("3_8kf0x")]
transform = Transform3D(1.31134e-07, 0, 1, 0, 1, 0, -1, 0, 1.31134e-07, 7, 0, 0.5)

[node name="Node3D4" type="Node3D" parent="Level/NavRegion/Walls"]
transform = Transform3D(1.31134e-07, 0, -1, 0, 1, 0, 1, 0, 1.31134e-07, 0, 0, 0)

[node name="StaticBody3D" parent="Level/NavRegion/Walls/Node3D4" instance=ExtResource("2_kemqn")]
transform = Transform3D(1, 0, 0, 0, 1, 0, 0, 0, 1, 6.5, 0, 7)

[node name="StaticBody3D2" parent="Level/NavRegion/Walls/Node3D4" instance=ExtResource("2_kemqn")]
transform = Transform3D(1, 0, 0, 0, 1, 0, 0, 0, 1, 5.5, 0, 7)

[node name="StaticBody3D3" parent="Level/NavRegion/Walls/Node3D4" instance=ExtResource("2_kemqn")]
transform = Transform3D(1, 0, 0, 0, 1, 0, 0, 0, 1, 4.5, 0, 7)

[node name="StaticBody3D5" parent="Level/NavRegion/Walls/Node3D4" instance=ExtResource("2_kemqn")]
transform = Transform3D(1, 0, 0, 0, 1, 0, 0, 0, 1, 2.5, 0, 7)

[node name="StaticBody3D6" parent="Level/NavRegion/Walls/Node3D4" instance=ExtResource("2_kemqn")]
transform = Transform3D(1, 0, 0, 0, 1, 0, 0, 0, 1, 1.5, 0, 7)

[node name="StaticBody3D7" parent="Level/NavRegion/Walls/Node3D4" instance=ExtResource("2_kemqn")]
transform = Transform3D(1, 0, 0, 0, 1, 0, 0, 0, 1, 0.5, 0, 7)

[node name="StaticBody3D8" parent="Level/NavRegion/Walls/Node3D4" instance=ExtResource("2_kemqn")]
transform = Transform3D(1, 0, 0, 0, 1, 0, 0, 0, 1, -0.5, 0, 7)

[node name="StaticBody3D9" parent="Level/NavRegion/Walls/Node3D4" instance=ExtResource("2_kemqn")]
transform = Transform3D(1, 0, 0, 0, 1, 0, 0, 0, 1, -1.5, 0, 7)

[node name="StaticBody3D15" parent="Level/NavRegion/Walls/Node3D4" instance=ExtResource("2_kemqn")]
transform = Transform3D(1, 0, 0, 0, 1, 0, 0, 0, 1, -2.5, 0, 7)

[node name="StaticBody3D11" parent="Level/NavRegion/Walls/Node3D4" instance=ExtResource("2_kemqn")]
transform = Transform3D(1, 0, 0, 0, 1, 0, 0, 0, 1, -3.5, 0, 7)

[node name="StaticBody3D12" parent="Level/NavRegion/Walls/Node3D4" instance=ExtResource("2_kemqn")]
transform = Transform3D(1, 0, 0, 0, 1, 0, 0, 0, 1, -4.5, 0, 7)

[node name="StaticBody3D13" parent="Level/NavRegion/Walls/Node3D4" instance=ExtResource("2_kemqn")]
transform = Transform3D(1, 0, 0, 0, 1, 0, 0, 0, 1, -5.5, 0, 7)

[node name="StaticBody3D14" parent="Level/NavRegion/Walls/Node3D4" instance=ExtResource("2_kemqn")]
transform = Transform3D(1, 0, 0, 0, 1, 0, 0, 0, 1, -6.5, 0, 7)

[node name="Node3D5" type="Node3D" parent="Level/NavRegion/Walls"]

[node name="Wall_Destroyable8" parent="Level/NavRegion/Walls/Node3D5" instance=ExtResource("5_r4t6j")]
transform = Transform3D(-4.37114e-08, 0, 1, 0, 1, 0, -1, 0, -4.37114e-08, 2, 0, 4.5)

[node name="Wall_Destroyable2" parent="Level/NavRegion/Walls/Node3D5" instance=ExtResource("5_r4t6j")]
transform = Transform3D(-1, 0, -8.74228e-08, 0, 1, 0, 8.74228e-08, 0, -1, -5.5, 0, 4.76837e-07)

[node name="Wall_Destroyable3" parent="Level/NavRegion/Walls/Node3D5" instance=ExtResource("5_r4t6j")]
transform = Transform3D(-1, 0, -8.74228e-08, 0, 1, 0, 8.74228e-08, 0, -1, -4.5, 0, 9.53674e-07)

[node name="Wall_Destroyable" parent="Level/NavRegion/Walls/Node3D5" instance=ExtResource("5_r4t6j")]
transform = Transform3D(-1, 0, -8.74228e-08, 0, 1, 0, 8.74228e-08, 0, -1, -1.5, 0, 9.53674e-07)

[node name="Wall_Destroyable4" parent="Level/NavRegion/Walls/Node3D5" instance=ExtResource("5_r4t6j")]
transform = Transform3D(-1, 0, -8.74228e-08, 0, 1, 0, 8.74228e-08, 0, -1, -6.5, 0, 4.76837e-07)

[node name="Wall_Destroyable5" parent="Level/NavRegion/Walls/Node3D5" instance=ExtResource("5_r4t6j")]
transform = Transform3D(-1, 0, -8.74228e-08, 0, 1, 0, 8.74228e-08, 0, -1, -0.5, 0, 0)

[node name="Wall_Destroyable6" parent="Level/NavRegion/Walls/Node3D5" instance=ExtResource("5_r4t6j")]
transform = Transform3D(-1, 0, -8.74228e-08, 0, 1, 0, 8.74228e-08, 0, -1, 0.5, 0, 0)

[node name="Wall_Destroyable7" parent="Level/NavRegion/Walls/Node3D5" instance=ExtResource("5_r4t6j")]
transform = Transform3D(-1, 0, -8.74228e-08, 0, 1, 0, 8.74228e-08, 0, -1, 1.5, 0, 0)

[node name="Wall_Destroyable9" parent="Level/NavRegion/Walls/Node3D5" instance=ExtResource("5_r4t6j")]
transform = Transform3D(-4.37114e-08, 0, 1, 0, 1, 0, -1, 0, -4.37114e-08, 2, 0, 5.5)

[node name="Wall_Destroyable10" parent="Level/NavRegion/Walls/Node3D5" instance=ExtResource("5_r4t6j")]
transform = Transform3D(-4.37114e-08, 0, 1, 0, 1, 0, -1, 0, -4.37114e-08, 2, 0, 6.5)

[node name="Wall_Destroyable11" parent="Level/NavRegion/Walls/Node3D5" instance=ExtResource("5_r4t6j")]
transform = Transform3D(-4.37114e-08, 0, 1, 0, 1, 0, -1, 0, -4.37114e-08, 2, 0, 3.5)

[node name="Node3D6" type="Node3D" parent="Level/NavRegion/Walls"]
transform = Transform3D(-4.37114e-08, 0, -1, 0, 1, 0, 1, 0, -4.37114e-08, 0, 0, 3)

[node name="Node3D7" type="Node3D" parent="Level/NavRegion/Walls"]
transform = Transform3D(1, 0, 0, 0, 1, 0, 0, 0, 1, -1, 0, -5)

[node name="Node3D8" type="Node3D" parent="Level/NavRegion/Walls"]
transform = Transform3D(-4.37114e-08, 0, -1, 0, 1, 0, 1, 0, -4.37114e-08, 0, 0, -5)

[node name="Wall_Destroyable" parent="Level/NavRegion/Walls/Node3D8" instance=ExtResource("5_r4t6j")]
transform = Transform3D(-1, 0, -8.74228e-08, 0, 1, 0, 8.74228e-08, 0, -1, 0.5, 0, -2)

[node name="Wall_Destroyable2" parent="Level/NavRegion/Walls/Node3D8" instance=ExtResource("5_r4t6j")]
transform = Transform3D(-1, 0, -8.74228e-08, 0, 1, 0, 8.74228e-08, 0, -1, -1.5, 0, -2)

[node name="single_door" parent="Level/NavRegion/Walls/Node3D8" instance=ExtResource("3_2cbxu")]
transform = Transform3D(-1, 0, 2.62268e-07, 0, 1, 0, -2.62268e-07, 0, -1, -0.5, 0, -2)

[node name="Node3D9" type="Node3D" parent="Level/NavRegion/Walls"]
transform = Transform3D(-4.37114e-08, 0, -1, 0, 1, 0, 1, 0, -4.37114e-08, 9, 0, -5)

[node name="Wall_Destroyable" parent="Level/NavRegion/Walls/Node3D9" instance=ExtResource("5_r4t6j")]
transform = Transform3D(-4.37114e-08, 0, 1, 0, 1, 0, -1, 0, -4.37114e-08, 1, 0, 2.5)

[node name="Wall_Destroyable2" parent="Level/NavRegion/Walls/Node3D9" instance=ExtResource("5_r4t6j")]
transform = Transform3D(-4.37114e-08, 0, 1, 0, 1, 0, -1, 0, -4.37114e-08, 1, 0, 3.5)

[node name="Wall_Destroyable3" parent="Level/NavRegion/Walls/Node3D9" instance=ExtResource("5_r4t6j")]
transform = Transform3D(-4.37114e-08, 0, 1, 0, 1, 0, -1, 0, -4.37114e-08, 1, 0, 4.5)

[node name="Wall_Destroyable4" parent="Level/NavRegion/Walls/Node3D9" instance=ExtResource("5_r4t6j")]
transform = Transform3D(-4.37114e-08, 0, 1, 0, 1, 0, -1, 0, -4.37114e-08, 1, 0, 5.5)

[node name="Wall_Destroyable5" parent="Level/NavRegion/Walls/Node3D9" instance=ExtResource("5_r4t6j")]
transform = Transform3D(-4.37114e-08, 0, 1, 0, 1, 0, -1, 0, -4.37114e-08, 1, 0, 6.5)

[node name="Wall_Destroyable" parent="Level/NavRegion/Walls" instance=ExtResource("5_r4t6j")]
transform = Transform3D(-4.37114e-08, 0, 1, 0, 1, 0, -1, 0, -4.37114e-08, 2, 0, -2.5)

[node name="Wall_Destroyable2" parent="Level/NavRegion/Walls" instance=ExtResource("5_r4t6j")]
transform = Transform3D(-4.37114e-08, 0, 1, 0, 1, 0, -1, 0, -4.37114e-08, 2, 0, -1.5)

[node name="Wall_Destroyable3" parent="Level/NavRegion/Walls" instance=ExtResource("5_r4t6j")]
transform = Transform3D(-4.37114e-08, 0, 1, 0, 1, 0, -1, 0, -4.37114e-08, 2, 0, -0.5)

[node name="Wall_Destroyable4" parent="Level/NavRegion/Walls" instance=ExtResource("5_r4t6j")]
transform = Transform3D(-1, 0, 8.74228e-08, 0, 1, 0, -8.74228e-08, 0, -1, 2.5, 0, -1.74846e-07)

[node name="Wall_Destroyable5" parent="Level/NavRegion/Walls" instance=ExtResource("5_r4t6j")]
transform = Transform3D(-1, 0, 8.74228e-08, 0, 1, 0, -8.74228e-08, 0, -1, 3.5, 0, -8.74228e-08)

[node name="Wall_Destroyable6" parent="Level/NavRegion/Walls" instance=ExtResource("5_r4t6j")]
transform = Transform3D(-1, 0, 8.74228e-08, 0, 1, 0, -8.74228e-08, 0, -1, 5.5, 0, 8.74228e-08)

[node name="Wall_Destroyable7" parent="Level/NavRegion/Walls" instance=ExtResource("5_r4t6j")]
transform = Transform3D(-1, 0, 8.74228e-08, 0, 1, 0, -8.74228e-08, 0, -1, 6.5, 0, 1.74846e-07)

[node name="Wall_Destroyable8" parent="Level/NavRegion/Walls" instance=ExtResource("5_r4t6j")]
transform = Transform3D(1, 0, 0, 0, 1, 0, 0, 0, 1, 6.5, 0, 3)

[node name="Wall_Destroyable9" parent="Level/NavRegion/Walls" instance=ExtResource("5_r4t6j")]
transform = Transform3D(1, 0, 0, 0, 1, 0, 0, 0, 1, 5.5, 0, 3)

[node name="Wall_Destroyable10" parent="Level/NavRegion/Walls" instance=ExtResource("5_r4t6j")]
transform = Transform3D(1, 0, 0, 0, 1, 0, 0, 0, 1, 3.5, 0, 3)

[node name="Wall_Destroyable11" parent="Level/NavRegion/Walls" instance=ExtResource("5_r4t6j")]
transform = Transform3D(1, 0, 0, 0, 1, 0, 0, 0, 1, 2.5, 0, 3)

[node name="Wall_Destroyable12" parent="Level/NavRegion/Walls" instance=ExtResource("5_r4t6j")]
transform = Transform3D(-4.37114e-08, 0, 1, 0, 1, 0, -1, 0, -4.37114e-08, 2, 0, -3.5)

[node name="single_door" parent="Level/NavRegion/Walls" instance=ExtResource("3_2cbxu")]
transform = Transform3D(-1, 0, 2.62268e-07, 0, 1, 0, -2.62268e-07, 0, -1, 4.5, 0, 0)

[node name="single_door" parent="Level/NavRegion/Walls/single_door" instance=ExtResource("3_2cbxu")]
transform = Transform3D(1, 0, -3.49691e-07, 0, 1, 0, 3.49691e-07, 0, 1, -9.53674e-07, 0, -3)

[node name="Node3D10" parent="Level/NavRegion/Walls" instance=ExtResource("3_l21ha")]
transform = Transform3D(1, 0, 0, 0, 1, 0, 0, 0, 1, -3, 0, 0)

[node name="StaticBody3D18" parent="Level/NavRegion/Walls" instance=ExtResource("3_8kf0x")]
transform = Transform3D(1, 0, -1.74846e-07, 0, 1, 0, 1.74846e-07, 0, 1, -5.5, 0, 7)

[node name="StaticBody3D19" parent="Level/NavRegion/Walls" instance=ExtResource("3_8kf0x")]
transform = Transform3D(1, 0, -1.74846e-07, 0, 1, 0, 1.74846e-07, 0, 1, -1.5, 0, 7)

[node name="StaticBody3D20" parent="Level/NavRegion/Walls" instance=ExtResource("3_8kf0x")]
transform = Transform3D(-4.37114e-08, 0, -1, 0, 1, 0, 1, 0, -4.37114e-08, -7, 0, 3.5)

[node name="StaticBody3D21" parent="Level/NavRegion/Walls" instance=ExtResource("3_8kf0x")]
transform = Transform3D(-1, 0, 8.74228e-08, 0, 1, 0, -8.74228e-08, 0, -1, 4.5, 0, -7)

[node name="StaticBody3D22" parent="Level/NavRegion/Walls" instance=ExtResource("3_8kf0x")]
transform = Transform3D(-2.18557e-07, 0, -1, 0, 1, 0, 1, 0, -2.18557e-07, 7, 0, -1.5)

[node name="Wall_Destroyable13" parent="Level/NavRegion/Walls" instance=ExtResource("5_r4t6j")]
transform = Transform3D(1.31134e-07, 0, 1, 0, 1, 0, -1, 0, 1.31134e-07, 6, 0, 6.5)

[node name="Wall_Destroyable14" parent="Level/NavRegion/Walls" instance=ExtResource("5_r4t6j")]
transform = Transform3D(1.31134e-07, 0, 1, 0, 1, 0, -1, 0, 1.31134e-07, 5, 0, 6.5)

[node name="Wall_Destroyable15" parent="Level/NavRegion/Walls" instance=ExtResource("5_r4t6j")]
transform = Transform3D(1.31134e-07, 0, 1, 0, 1, 0, -1, 0, 1.31134e-07, 6, 0, 5.5)

[node name="Wall_Destroyable16" parent="Level/NavRegion/Walls" instance=ExtResource("5_r4t6j")]
transform = Transform3D(1.31134e-07, 0, 1, 0, 1, 0, -1, 0, 1.31134e-07, 5, 0, 5.5)

[node name="Wall_Destroyable17" parent="Level/NavRegion/Walls" instance=ExtResource("5_r4t6j")]
transform = Transform3D(1.31134e-07, 0, 1, 0, 1, 0, -1, 0, 1.31134e-07, 4, 0, 5.5)

[node name="Wall_Destroyable18" parent="Level/NavRegion/Walls" instance=ExtResource("5_r4t6j")]
transform = Transform3D(1.31134e-07, 0, 1, 0, 1, 0, -1, 0, 1.31134e-07, 3, 0, 5.5)

[node name="single_door3" parent="Level/NavRegion/Walls" instance=ExtResource("3_2cbxu")]
transform = Transform3D(1, 0, -3.49691e-07, 0, 1, 0, 3.49691e-07, 0, 1, 6.5, 0, 5)

[node name="single_door4" parent="Level/NavRegion/Walls" instance=ExtResource("3_2cbxu")]
transform = Transform3D(1, 0, -3.49691e-07, 0, 1, 0, 3.49691e-07, 0, 1, 5.5, 0, 5)

[node name="single_door5" parent="Level/NavRegion/Walls" instance=ExtResource("3_2cbxu")]
transform = Transform3D(1, 0, -3.49691e-07, 0, 1, 0, 3.49691e-07, 0, 1, 4.5, 0, 5)

[node name="single_door6" parent="Level/NavRegion/Walls" instance=ExtResource("3_2cbxu")]
transform = Transform3D(1, 0, -3.49691e-07, 0, 1, 0, 3.49691e-07, 0, 1, 3.5, 0, 5)

[node name="single_door7" parent="Level/NavRegion/Walls" instance=ExtResource("3_2cbxu")]
transform = Transform3D(1, 0, -3.49691e-07, 0, 1, 0, 3.49691e-07, 0, 1, 2.5, 0, 5)

[node name="StaticBody3D23" parent="Level/NavRegion/Walls" instance=ExtResource("3_8kf0x")]
transform = Transform3D(-2.18557e-07, 0, -1, 0, 1, 0, 1, 0, -2.18557e-07, 7, 0, 4.5)

[node name="Wall_Destroyable19" parent="Level/NavRegion/Walls" instance=ExtResource("5_r4t6j")]
transform = Transform3D(1.31134e-07, 0, 1, 0, 1, 0, -1, 0, 1.31134e-07, 4, 0, 6.5)

[node name="Wall_Destroyable20" parent="Level/NavRegion/Walls" instance=ExtResource("5_r4t6j")]
transform = Transform3D(1.31134e-07, 0, 1, 0, 1, 0, -1, 0, 1.31134e-07, 3, 0, 6.5)

[node name="Ground" parent="Level/NavRegion" instance=ExtResource("1_ov5er")]
transform = Transform3D(0.141, 0, 0, 0, 0.141, 0, 0, 0, 0.141, 0, -0.0727501, 0)

[node name="Props" type="Node3D" parent="Level"]

[node name="DesknChair" parent="Level/Props" instance=ExtResource("6_tda57")]
transform = Transform3D(-1, 0, -8.74228e-08, 0, 1, 0, 8.74228e-08, 0, -1, 0.361269, -0.00224956, 5.51624)

[node name="DesknChair2" parent="Level/Props" instance=ExtResource("6_tda57")]
transform = Transform3D(-1, 0, -8.74228e-08, 0, 1, 0, 8.74228e-08, 0, -1, 0.361269, -0.00224956, 4.01624)

[node name="DesknChair3" parent="Level/Props" instance=ExtResource("6_tda57")]
transform = Transform3D(1, 0, 1.74846e-07, 0, 1, 0, -1.74846e-07, 0, 1, -0.41194, -0.00224956, 4.01624)

[node name="DesknChair4" parent="Level/Props" instance=ExtResource("6_tda57")]
transform = Transform3D(1, 0, 1.74846e-07, 0, 1, 0, -1.74846e-07, 0, 1, -0.41194, -0.00224956, 5.51624)

[node name="DesknChair5" parent="Level/Props" instance=ExtResource("6_tda57")]
transform = Transform3D(-1, 0, -8.74228e-08, 0, 1, 0, 8.74228e-08, 0, -1, -2.13873, -0.00224956, 5.51624)

[node name="DesknChair6" parent="Level/Props" instance=ExtResource("6_tda57")]
transform = Transform3D(-1, 0, -8.74228e-08, 0, 1, 0, 8.74228e-08, 0, -1, -2.13873, -0.00224956, 4.01624)

[node name="DesknChair7" parent="Level/Props" instance=ExtResource("6_tda57")]
transform = Transform3D(1, 0, 1.74846e-07, 0, 1, 0, -1.74846e-07, 0, 1, -2.91194, -0.00224956, 4.01624)

[node name="DesknChair8" parent="Level/Props" instance=ExtResource("6_tda57")]
transform = Transform3D(1, 0, 1.74846e-07, 0, 1, 0, -1.74846e-07, 0, 1, -2.91194, -0.00224956, 5.51624)

[node name="DesknChair9" parent="Level/Props" instance=ExtResource("6_tda57")]
transform = Transform3D(-1, 0, -8.74228e-08, 0, 1, 0, 8.74228e-08, 0, -1, -4.63873, -0.00224956, 5.51624)

[node name="DesknChair10" parent="Level/Props" instance=ExtResource("6_tda57")]
transform = Transform3D(-1, 0, -8.74228e-08, 0, 1, 0, 8.74228e-08, 0, -1, -4.63873, -0.00224956, 4.01624)

[node name="DesknChair11" parent="Level/Props" instance=ExtResource("6_tda57")]
transform = Transform3D(1, 0, 1.74846e-07, 0, 1, 0, -1.74846e-07, 0, 1, -5.41194, -0.00224956, 4.01624)

[node name="DesknChair12" parent="Level/Props" instance=ExtResource("6_tda57")]
transform = Transform3D(1, 0, 1.74846e-07, 0, 1, 0, -1.74846e-07, 0, 1, -5.41194, -0.00224956, 5.51624)

[node name="DesknChair15" parent="Level/Props" instance=ExtResource("6_tda57")]
transform = Transform3D(1.31134e-07, 0, -1, 0, 1, 0, 1, 0, 1.31134e-07, 0.724665, -0.00224956, -1.12037)

[node name="DesknChair16" parent="Level/Props" instance=ExtResource("6_tda57")]
transform = Transform3D(1.31134e-07, 0, -1, 0, 1, 0, 1, 0, 1.31134e-07, -0.775335, -0.00224956, -1.12037)

[node name="DesknChair17" parent="Level/Props" instance=ExtResource("6_tda57")]
transform = Transform3D(-4.37114e-08, 0, 1, 0, 1, 0, -1, 0, -4.37114e-08, -0.775335, -0.00224956, -2.84716)

[node name="DesknChair18" parent="Level/Props" instance=ExtResource("6_tda57")]
transform = Transform3D(-4.37114e-08, 0, 1, 0, 1, 0, -1, 0, -4.37114e-08, 0.724665, -0.00224956, -2.84716)

[node name="DesknChair19" parent="Level/Props" instance=ExtResource("6_tda57")]
transform = Transform3D(1.31134e-07, 0, -1, 0, 1, 0, 1, 0, 1.31134e-07, 0.724665, -0.00224956, -3.62037)

[node name="DesknChair20" parent="Level/Props" instance=ExtResource("6_tda57")]
transform = Transform3D(1.31134e-07, 0, -1, 0, 1, 0, 1, 0, 1.31134e-07, -0.775335, -0.00224956, -3.62037)

[node name="RigidBody3D" parent="Level/Props" instance=ExtResource("7_2rd68")]
transform = Transform3D(1, 0, 0, 0, 1, 0, 0, 0, 1, -0.388434, 0.70367, -1.13234)

[node name="RigidBody3D2" parent="Level/Props" instance=ExtResource("8_nunhp")]
transform = Transform3D(0.525, 0, 0, 0, 0.525, 0, 0, 0, 0.525, -0.477265, 0.744719, -1.01018)

[node name="RB_Vase1" parent="Level/Props" instance=ExtResource("9_vx16n")]
transform = Transform3D(1, 0, 0, 0, 1, 0, 0, 0, 1, -0.515388, 0.739124, -1.16547)

[node name="RB_Vase2" parent="Level/Props" instance=ExtResource("9_vx16n")]
transform = Transform3D(1, 0, 0, 0, 1, 0, 0, 0, 1, 1.19521, 0.739124, -0.955956)

[node name="RigidBody3D3" parent="Level/Props" instance=ExtResource("8_nunhp")]
transform = Transform3D(0.525, 0, 0, 0, 0.525, 0, 0, 0, 0.525, 0.201015, 0.744719, 4.38561)

[node name="RigidBody3D4" parent="Level/Props" instance=ExtResource("8_nunhp")]
transform = Transform3D(-0.418145, 0, -0.317458, 0, 0.525, 0, 0.317458, 0, -0.418145, -5.34803, 0.744719, 3.57662)

[node name="RB_Vase3" parent="Level/Props" instance=ExtResource("9_vx16n")]
transform = Transform3D(-0.796467, 0, -0.604683, 0, 1, 0, 0.604683, 0, -0.796467, -5.22376, 0.739124, 3.67725)

[node name="RigidBody3D5" parent="Level/Props" instance=ExtResource("7_2rd68")]
transform = Transform3D(1, 0, 0, 0, 1, 0, 0, 0, 1, -2.80526, 0.70367, 5.12728)

[node name="DesknChair13" parent="Level/Props" instance=ExtResource("6_tda57")]
transform = Transform3D(-1, 0, 8.74228e-08, 0, 1, 0, -8.74228e-08, 0, -1, 6, 0.007442, -5.5)

[node name="Chair" parent="Level/Props" instance=ExtResource("13_cuy1n")]
transform = Transform3D(0.842856, 0, 0.538138, 0, 1, 0, -0.538138, 0, 0.842856, 5.06765, 0, -5.05238)

[node name="Chair2" parent="Level/Props" instance=ExtResource("13_cuy1n")]
transform = Transform3D(0.946835, 0, -0.32172, 0, 1, 0, 0.32172, 0, 0.946835, 5.07447, 0, -6.07949)

[node name="RB_Vase4" parent="Level/Props" instance=ExtResource("9_vx16n")]
transform = Transform3D(1, 0, 0, 0, 1, 0, 0, 0, 1, 5.8993, 0.764993, -5.07901)

[node name="RigidBody3D6" parent="Level/Props" instance=ExtResource("7_2rd68")]
transform = Transform3D(1, 0, 0, 0, 1, 0, 0, 0, 1, 5.97619, 0.755929, -5.24785)

[node name="RigidBody3D7" parent="Level/Props" instance=ExtResource("8_nunhp")]
transform = Transform3D(0.515, 0, 0, 0, 0.515, 0, 0, 0, 0.515, 6.10288, 0.76192, -5.14085)

[node name="StaticBody3D" parent="Level/Props" instance=ExtResource("12_2vi86")]
transform = Transform3D(-1, 0, 8.74228e-08, 0, 1, 0, -8.74228e-08, 0, -1, 6.5, 0, 7)

[node name="StaticBody3D2" parent="Level/Props" instance=ExtResource("12_2vi86")]
transform = Transform3D(-1, 0, 8.74228e-08, 0, 1, 0, -8.74228e-08, 0, -1, 5.5, 0, 7)

[node name="StaticBody3D3" parent="Level/Props" instance=ExtResource("12_2vi86")]
transform = Transform3D(-1, 0, 8.74228e-08, 0, 1, 0, -8.74228e-08, 0, -1, 4.5, 0, 7)

[node name="StaticBody3D4" parent="Level/Props" instance=ExtResource("12_2vi86")]
transform = Transform3D(-1, 0, 8.74228e-08, 0, 1, 0, -8.74228e-08, 0, -1, 3.5, 0, 7)

[node name="StaticBody3D5" parent="Level/Props" instance=ExtResource("12_2vi86")]
transform = Transform3D(-1, 0, 8.74228e-08, 0, 1, 0, -8.74228e-08, 0, -1, 2.5, 0, 7)
